@book{program_analysis,
	author    = {Nielson, F., Nielson, H. R. and Hankin, C.},    
	title     = {Principles of program analysis},
	year      = {2004},
	publisher = {Springer Science and Business Media},
}

@book{soot_book,
	author    = {Lam, P., Bodden, E., Lhotak, O. and Hendren, L.},    
	title     = {The Soot framework for Java program analysis},
	year      = {2011},
	publisher = {CETUS},
}

@misc{soot_web,
	author    = {Sable, Research},
	title     = {Soot framework},
	url       = {http://soot-oss.github.io/soot/},
	year	  = {2020}
}

@misc{jimple_web,
	author    = {PAM UnB},
	title     = {Jimple Framework},
	url       = {https://github.com/PAMunb/JimpleFramework},
	year	  = {2020}
}

@misc{while_lang_web,
	author    = {PAM UnB},
	title     = {WhileLang},
	url       = {https://github.com/PAMunb/WhileLang},
	year	  = {2021}
}

@book{method_quantitative,
	author    = {Jain, R},    
	title     = {Art of Computer Systems Performance Analysis},
	year      = {1991},
	publisher = {Wyley Professional},
}



